@book{latex-intro,
  author    = {刘海洋},
  title     = {LaTeX入门},
  publisher = {电子工业出版社},
  year      = {2013},
  address   = {北京}
}
@misc{vscode-latex,
  author       = {CCandle},
  title        = {用VSCode撰写LaTeX的正确姿势},
  howpublished = {\url{https://blog.ccandle.top/LaTeX/latex-vscode/}},
  year         = {2022}
}